% Encoding: UTF-8
@ARTICLE{9097182,  author={Wu, Ling and Zhang, Qishan and Chen, Chi-Hua and Guo, Kun and Wang, Deqin},  journal={IEEE Access},   title={Deep Learning Techniques for Community Detection in Social Networks},   year={2020},  volume={8},  number={},  pages={96016-96026},  doi={10.1109/ACCESS.2020.2996001}}

@article{leiden,
  title={From Louvain to Leiden: guaranteeing well-connected communities},
  author={Traag, Vincent A and Waltman, Ludo and Van Eck, Nees Jan},
  journal={Scientific reports},
  volume={9},
  number={1},
  pages={1--12},
  year={2019},
  publisher={Nature Publishing Group}
}

@Article{louvain,
  author    = {Blondel, Vincent D and Guillaume, Jean-Loup and Lambiotte, Renaud and Lefebvre, Etienne},
  journal   = {Journal of Statistical Mechanics: Theory and Experiment},
  title     = {Fast unfolding of communities in large networks},
  year      = {2008},
  number    = {10},
  pages     = {P10008},
  volume    = {2008},
  publisher = {IOP Publishing},
}

@InProceedings{de2011generalized,
  author       = {De Meo, Pasquale and Ferrara, Emilio and Fiumara, Giacomo and Provetti, Alessandro},
  booktitle    = {2011 11th international conference on intelligent systems design and applications},
  title        = {Generalized louvain method for community detection in large networks},
  year         = {2011},
  organization = {IEEE},
  pages        = {88--93},
}
@inproceedings{shao2015community,
  title={Community detection based on distance dynamics},
  author={Shao, Junming and Han, Zhichao and Yang, Qinli and Zhou, Tao},
  booktitle={Proceedings of the 21th ACM SIGKDD International Conference on Knowledge Discovery and Data Mining},
  pages={1075--1084},
  year={2015}
}
@Article{FORTUNATO20161,
  author  = {Santo Fortunato and Darko Hric},
  journal = {Physics Reports},
  title   = {Community detection in networks: A user guide},
  year    = {2016},
  issn    = {0370-1573},
  pages   = {1-44},
  volume  = {659},
  doi     = {https://doi.org/10.1016/j.physrep.2016.09.002},
  url     = {https://www.sciencedirect.com/science/article/pii/S0370157316302964},
}

@article{2018review,
  title={Community detection in networks: A multidisciplinary review},
  author={Javed, Muhammad Aqib and Younis, Muhammad Shahzad and Latif, Siddique and Qadir, Junaid and Baig, Adeel},
  journal={Journal of Network and Computer Applications},
  volume={108},
  pages={87--111},
  year={2018},
  publisher={Elsevier}
}

@inproceedings{cavallari2017learning,
  title={Learning community embedding with community detection and node embedding on graphs},
  author={Cavallari, Sandro and Zheng, Vincent W and Cai, Hongyun and Chang, Kevin Chen-Chuan and Cambria, Erik},
  booktitle={Proceedings of the 2017 ACM on Conference on Information and Knowledge Management},
  pages={377--386},
  year={2017}
}@inproceedings{he2021community,
  title={Community-centric graph convolutional network for unsupervised community detection},
  author={He, Dongxiao and Song, Yue and Jin, Di and Feng, Zhiyong and Zhang, Binbin and Yu, Zhizhi and Zhang, Weixiong},
  booktitle={Proceedings of the Twenty-Ninth International Conference on International Joint Conferences on Artificial Intelligence},
  pages={3515--3521},
  year={2021}
}
@Article{lancichinetti2009community,
  author    = {Lancichinetti, Andrea and Fortunato, Santo},
  journal   = {Physical review E},
  title     = {Community detection algorithms: a comparative analysis},
  year      = {2009},
  number    = {5},
  pages     = {056117},
  volume    = {80},
  publisher = {APS},
}
@article{yang2016comparative,
  title={A comparative analysis of community detection algorithms on artificial networks},
  author={Yang, Zhao and Algesheimer, Ren{\'e} and Tessone, Claudio J},
  journal={Scientific reports},
  volume={6},
  number={1},
  pages={1--18},
  year={2016},
  publisher={Nature Publishing Group}
}

@article{zhou2018novel,
  title={A novel community detection method in bipartite networks},
  author={Zhou, Cangqi and Feng, Liang and Zhao, Qianchuan},
  journal={Physica A: Statistical Mechanics and its Applications},
  volume={492},
  pages={1679--1693},
  year={2018},
  publisher={Elsevier}
}

@inproceedings{aynaud2010static,
  title={Static community detection algorithms for evolving networks},
  author={Aynaud, Thomas and Guillaume, Jean-Loup},
  booktitle={8th International symposium on modeling and optimization in mobile, Ad Hoc, and wireless networks},
  pages={513--519},
  year={2010},
  organization={IEEE}
}

@article{newman2004,
  title={Finding and evaluating community structure in networks},
  author={Newman, Mark EJ and Girvan, Michelle},
  journal={Physical review E},
  volume={69},
  number={2},
  pages={026113},
  year={2004},
  publisher={APS}
}

@article{newman2006,
  title={Modularity and community structure in networks},
  author={Newman, Mark EJ},
  journal={Proceedings of the national academy of sciences},
  volume={103},
  number={23},
  pages={8577--8582},
  year={2006},
  publisher={National Acad Sciences}
}

@article{resolution2007,
  title={Resolution limit in community detection},
  author={Fortunato, Santo and Barthelemy, Marc},
  journal={Proceedings of the national academy of sciences},
  volume={104},
  number={1},
  pages={36--41},
  year={2007},
  publisher={National Acad Sciences}
}

@article{infomap2008,
  title={Maps of random walks on complex networks reveal community structure},
  author={Rosvall, Martin and Bergstrom, Carl T},
  journal={Proceedings of the national academy of sciences},
  volume={105},
  number={4},
  pages={1118--1123},
  year={2008},
  publisher={National Acad Sciences}
}

@article{brandes2007modularity,
  title={On modularity clustering},
  author={Brandes, Ulrik and Delling, Daniel and Gaertler, Marco and Gorke, Robert and Hoefer, Martin and Nikoloski, Zoran and Wagner, Dorothea},
  journal={IEEE transactions on knowledge and data engineering},
  volume={20},
  number={2},
  pages={172--188},
  year={2007},
  publisher={IEEE}
}

@article{provenp,
  title={A Guide to the Theory of NP-Completeness},
  author={Garey, Michael R},
  journal={Computers and intractability},
  year={1979},
  publisher={WH freeman \& Co}
}

@inproceedings{stock2014,
  title={Dynamic communities in stock market},
  author={Gui, Xiangquan and Li, Li and Cao, Jie and Li, Lian},
  booktitle={Abstract and Applied Analysis},
  volume={2014},
  year={2014},
  organization={Hindawi}
}

@article{software2018,
  author    = {Mohammad Raji},
  title     = {Refactoring Software Packages via Community Detection from Stability
               Point of View},
  journal   = {CoRR},
  volume    = {abs/1811.10171},
  year      = {2018},
  url       = {http://arxiv.org/abs/1811.10171},
  eprinttype = {arXiv},
  eprint    = {1811.10171},
  timestamp = {Fri, 30 Nov 2018 12:44:28 +0100},
  biburl    = {https://dblp.org/rec/journals/corr/abs-1811-10171.bib},
  bibsource = {dblp computer science bibliography, https://dblp.org}
}

@inproceedings{twitter2017,
author = {Silva, Wendel and Santana, \'{A}damo and Lobato, F\'{a}bio and Pinheiro, M\'{a}rcia},
title = {A Methodology for Community Detection in Twitter},
year = {2017},
isbn = {9781450349512},
publisher = {Association for Computing Machinery},
address = {New York, NY, USA},
booktitle = {Proceedings of the International Conference on Web Intelligence},
pages = {1006–1009},
numpages = {4},
keywords = {feature selection, Twitter, community detection, methodology},
location = {Leipzig, Germany},
series = {WI '17}
}

@inproceedings{twitter2016,
  title={Community detection in political twitter networks using nonnegative matrix factorization methods},
  author={Ozer, Mert and Kim, Nyunsu and Davulcu, Hasan},
  booktitle={2016 IEEE/ACM International Conference on Advances in Social Networks Analysis and Mining (ASONAM)},
  pages={81--88},
  year={2016},
  organization={IEEE}
}

@article{twitter2009,
  title={Twitter adoption and use in mass convergence and emergency events},
  author={Hughes, Amanda Lee and Palen, Leysia},
  journal={International journal of emergency management},
  volume={6},
  number={3-4},
  pages={248--260},
  year={2009},
  publisher={Inderscience Publishers}
}

@inproceedings{crisis2015,
  title={Towards an Intelligent Application of Large Scale Community Detection to Support Collaboration During Emergency Management},
  author={Rebhi, Wala and Yahia, Nesrine Ben and Saoud, Narj{\`e}s Bellamine Ben},
  booktitle={International Conference on Information Systems for Crisis Response and Management in Mediterranean Countries},
  pages={39--49},
  year={2015},
  organization={Springer}
}

@phdthesis{neuro2017,
  title={Cluster Analysis and Network Community Detection with Application to Neuroscience},
  author={Zhang, Yun},
  year={2017},
  school={University of Pittsburgh}
}

@article{disease2013,
  title={Community detection in disease-gene network based on principal component analysis},
  author={Liu, Wei and Chen, Ling},
  journal={Tsinghua Science and Technology},
  volume={18},
  number={5},
  pages={454--461},
  year={2013},
  publisher={TUP}
}

@article{chen2014,
  title={Identifying protein complexes and functional modules—from static PPI networks to dynamic PPI networks},
  author={Chen, Bolin and Fan, Weiwei and Liu, Juan and Wu, Fang-Xiang},
  journal={Briefings in bioinformatics},
  volume={15},
  number={2},
  pages={177--194},
  year={2014},
  publisher={Oxford University Press}
}

@article{protein2005,
  title={The use of edge-betweenness clustering to investigate biological function in protein interaction networks},
  author={Dunn, Ruth and Dudbridge, Frank and Sanderson, Christopher M},
  journal={BMC bioinformatics},
  volume={6},
  number={1},
  pages={1--14},
  year={2005},
  publisher={Springer}
}

@article{scanpy,
  title={SCANPY: large-scale single-cell gene expression data analysis},
  author={Wolf, F Alexander and Angerer, Philipp and Theis, Fabian J},
  journal={Genome biology},
  volume={19},
  number={1},
  pages={1--5},
  year={2018},
  publisher={Springer}
}


@article{lstm,
  title={Bidirectional LSTM-CRF models for sequence tagging},
  author={Huang, Zhiheng and Xu, Wei and Yu, Kai},
  journal={arXiv preprint arXiv:1508.01991},
  year={2015}
}

@ARTICLE{deep2019,
  author={Tu, Cunchao and Zeng, Xiangkai and Wang, Hao and Zhang, Zhengyan and Liu, Zhiyuan and Sun, Maosong and Zhang, Bo and Lin, Leyu},
  journal={IEEE Transactions on Knowledge and Data Engineering}, 
  title={A Unified Framework for Community Detection and Network Representation Learning}, 
  year={2019},
  volume={31},
  number={6},
  pages={1051-1065},
  doi={10.1109/TKDE.2018.2852958}
}

@article{newman2016,
  title = {Estimating the Number of Communities in a Network},
  author = {Newman, M. E. J. and Reinert, Gesine},
  journal = {Phys. Rev. Lett.},
  volume = {117},
  issue = {7},
  pages = {078301},
  numpages = {5},
  year = {2016},
  month = {Aug},
  publisher = {American Physical Society},
  doi = {10.1103/PhysRevLett.117.078301},
  url = {https://link.aps.org/doi/10.1103/PhysRevLett.117.078301}
}

@article{spark,
  title   = {Spark: Cluster computing with working sets.},
  author  = {Zaharia, Matei and Chowdhury, Mosharaf and Franklin, Michael J and Shenker, Scott and Stoica, Ion and others},
  journal = {HotCloud},
  volume  = {10},
  number  = {10-10},
  pages   = {95},
  year    = {2010}
}

@article{parallel,
title = {Adaptive parallel Louvain community detection on a multicore platform},
journal = {Microprocessors and Microsystems},
volume = {54},
pages = {26-34},
year = {2017},
issn = {0141-9331},
doi = {https://doi.org/10.1016/j.micpro.2017.08.002},
url = {https://www.sciencedirect.com/science/article/pii/S014193311630240X},
author = {Mahmood Fazlali and Ehsan Moradi and Hadi {Tabatabaee Malazi}},
keywords = {Thread load balancing, Thread-level parallelization, Task decomposition, Multicore systems, Social networks, Nested parallelism},
}

@article{mapreduce,
  title={MapReduce: simplified data processing on large clusters},
  author={Dean, Jeffrey and Ghemawat, Sanjay},
  journal={Communications of the ACM},
  volume={51},
  number={1},
  pages={107--113},
  year={2008},
  publisher={ACM New York, NY, USA}
}



@Comment{jabref-meta: databaseType:bibtex;}
